@book{Callen1960,
    author = {Callen, H. B.},
    edition = {},
    pages = {},
    publisher = {John Wiley {\&} Sons, Inc.},
    title = {{Thermodynamics}},
    year = {1960}
}
@book{Modell1983,
    author = {Modell, M. and Reid, R.},
    edition = {Second Edition},
    pages = {},
    publisher = {Prentice-Hall},
    title = {{Thermodynamics and its Applications}},
    year = {1983}
}
@book{Moran1992,
    author = {Moran, M. J. and Shapiro, H. N.},
    edition = {},
    pages = {},
    publisher = {John Wiley {\&} Sons, Inc.},
    title = {{Fundamentals of Engineering Thermodynamics}},
    year = {1992}
}
@book{VanWylen1994,
    author = {Van Wylen, G. L. and Sonntag, R. E. and Borgnakke, C.},
    edition = {Fourth Edition},
    pages = {},
    publisher = {{Edgard Bl\"{u}cher Ltda.}},
    title = {{Fundamentos da Termodin\^{a}mica Cl√°ssica}},
    year = {1994}
}
@book{Bejan1997,
    author = {Bejan, Adrian},
    edition = {Second Edition},
    pages = {922},
    publisher = {John Wiley {\&} Sons, Inc.},
    title = {{Advanced Engineering Thermodynamics}},
    year = {1997}
}
